

@Article{dennis15:_two,
  author = 	 {Louise A. Dennis and Michael Fisher and Matt Webster},
  title = 	 {Two-stage agent program verification},
  journal = 	 {Journal of Logic and Computation},
  year = 	 2015}

@article{DBLP:journals/cacm/FisherDW13,
  author    = {Michael Fisher and
               Louise A. Dennis and
               Matthew P. Webster},
  title     = {Verifying autonomous systems},
  journal   = {Commun. ACM},
  volume    = {56},
  number    = {9},
  year      = {2013},
  pages     = {84-93},
  ee        = {http://doi.acm.org/10.1145/2494558},
  bibsource = {DBLP, http://dblp.uni-trier.de}
}

@article{dennis14:_pract,
year=2014,
issn={0928-8910},
journal={Automated Software Engineering},
doi={10.1007/s10515-014-0168-9},
title={Practical verification of decision-making in agent-based autonomous systems},
url={http://dx.doi.org/10.1007/s10515-014-0168-9},
publisher={Springer US},
keywords={Hybrid systems; Model checking; Agent architectures},
author={Dennis, Louise A. and Fisher, Michael and Lincoln, Nicholas K. and Lisitsa, Alexei and Veres, Sandor M.},
pages={1-55},
language={English}
}

@INCOLLECTION{emerson:90a,
  author = {E.~A. Emerson},
  title = {{T}emporal and {M}odal {L}ogic},
  booktitle = {Handbook of Theoretical Computer Science},
  publisher = {Elsevier},
  year = {1990},
  editor = {J.~van Leeuwen},
  pages = {996--1072}
}

@inproceedings{DALT10:abstraction,
  author="Dennis, L. A. and Fisher, M. and
           Lincoln, N. and Lisitsa, A. and Veres, S. M.",
  title="{Declarative Abstractions for Agent Based Hybrid Control Systems}",
  booktitle="Proc. 8th Int. Workshop on Declarative Agent Languages and Technologies (DALT)",
   series="{LNCS}",
   publisher="Springer",
   volume=6619,
   pages="96--111",
year=2010
}

@INPROCEEDINGS{Gerth:1995:SOA:645837.670574,
  author = {Gerth, Rob and Peled, Doron and Vardi, Moshe Y. and Wolper, Pierre},
  title = {{Simple on-the-fly Automatic Verification of Linear Temporal Logic}},
  booktitle = {Proc. 15th IFIP WG6.1 International Symposium on Protocol Specification,
        Testing and Verification XV},
  year = {1996},
  pages = {3--18},
  address = {London, UK},
  publisher = {Chapman \& Hall, Ltd.},
  acmid = {670574},
  isbn = {0-412-71620-8},
  numpages = {16},
  url = {http://dl.acm.org/citation.cfm?id=645837.670574}
}

@INPROCEEDINGS{Courcoubetis92mea,
  author = {C. Courcoubetis and M. Vardi and P. Wolper and M. Yannakakis},
  title = {{Memory-efficient Algorithms for the Verification of Temporal Properties}},
  booktitle = {Formal Methods in System Design},
  year = {1992},
  pages = {275--288}
}

@BOOK{holzmann04spin,
  title = {The Spin Model Checker: Primer and Reference Manual},
  publisher = {Addison-Wesley},
  year = {2004},
  author = {Gerard Holzmann},
  owner = {VEC},
  timestamp = {2010.10.29}
}

@INPROCEEDINGS{havelund00formal,
  author = {Klaus Havelund and Mike Lowry and SeungJoon Park and Charles Pecheur
	and John Penix and Willem Visser and Jon L. White},
  title = {{Formal Analysis of the {Remote Agent} Before and After Flight}},
  booktitle = {Proc. 5th NASA Langley Formal Methods Workshop, Virginia, USA},
  year = {2000},
  owner = {matt},
  timestamp = {2012.05.24}
}

@MISC{kars96application,
  author = {Pim Kars},
  title = {{The Application of Promela and Spin in the BOS Project (Abstract)}},
  year = {1996},
  note = {\url{http://spinroot.com/spin/Workshops/ws96/Ka.pdf}. Accessed 2013-05-30.}
}

@MISC{kirsch11technical,
  author = {Michael T. Kirsch and Victoria A. Regenie and Michael L. Aguilar
	and Oscar Gonzalez and Michael Bay and Mitchell L. Davis and Cynthia
	H. Null and Robert C. Scully and Robert A. Kichak},
  title = {{Technical Support to the {National Highway Traffic Safety Administration
	(NHTSA)} on the Reported {Toyota Motor Corporation (TMC)} {Unintended
	Acceleration (UA)} Investigation}},
  howpublished = {NASA Engineering and Safety Center Technical Assessment Report},
  month = {January},
  year = {2011},
  owner = {matt},
  timestamp = {2013.05.31}
}

@INPROCEEDINGS{KNP11,
  author = {M. Kwiatkowska and G. Norman and D. Parker},
  title = {{{PRISM} 4.0: Verification of Probabilistic Real-time Systems}},
  booktitle = {Proc. 23rd International Conference on Computer Aided Verification},
  year = {2011},
  volume = {6806},
  series = {LNCS},
  pages = {585--591},
  publisher = {Springer}
}
